Account Name       :                	SANGAM MOBILE						
Address            :	"BENIPUR  BENIPUR  BENIPUR,BAHERA  Darbhanga"						
                                    	DARBHANGA						
                                    	BIHAR-847103						
                                    	India						
Date               :                	01-May-19						
Account Number     :	_00000037197306621						
Account Description:	CA-GEN-PUB OTH-NONRURAL-INR						
Branch             :	BENIPUR						
Drawing Power      :	0						
Interest Rate(% p.a.):	16.7						
MOD Balance      :	0						
CIF No.          :	_89982304283						
IFS Code         :	SBIN0003532						
MICR Code        :	_846002503						
Balance on 1 Apr 2019        :	"6,898.58"						
Start Date          :	01-Apr-19						
End Date            :	30-Apr-19						
Txn Date	Value Date	Description	Ref No./Cheque No.	Branch Code	        Debit	Credit	Balance
02-Apr-19	02-Apr-19	   BULK POSTING-CR_SANGAM MOBILE                      BR005535  31--	 / 	16899	 	"2,000.00"	"8,898.58"
02-Apr-19	02-Apr-19	   BULK POSTING-CR_SANGAM MOBILE                      BR005535  01--	 / 	16899	 	"12,878.48"	"21,777.06"
02-Apr-19	02-Apr-19	   TO TRANSFER-SBI charg for failed mandate txnBajaj Finance L--	TRANSFER TO 32071982532                           INVESTMENT INTERMEDIAR / 	4266	295	 	"21,482.06"
03-Apr-19	03-Apr-19	   BULK POSTING-CR_SANGAM MOBILE                      BR005535  02--	 / 	16899	 	"6,925.66"	"28,407.72"
03-Apr-19	03-Apr-19	   CASH DEPOSIT-CASH DEPOSIT SELF--	 / 	3532	 	"1,00,000.00"	"1,28,407.72"
03-Apr-19	03-Apr-19	CASH HANDLING CHARGES---38976288	 / 38976288	3532	88.5	 	"1,28,319.22"
03-Apr-19	03-Apr-19	CHEQUE WDL-WITHDRAWAL TRANSFER BY CHEQUE--184368	TRANSFER FROM 30361043553 / 184368	6014	"40,000.00"	 	"88,319.22"
03-Apr-19	03-Apr-19	   TO TRANSFER-INB IMPS/P2P/909320912406/85537520959240--	IMPS00007154362MOABIBQXA0               TRANSFER TO 4597861162090 / 	99922	"10,000.00"	 	"78,319.22"
03-Apr-19	03-Apr-19	   TO TRANSFER-INB IMPS/P2P/909320912699/85537520959240--	IMPS00007154374MOABIBQXP7               TRANSFER TO 4597862162099 / 	99922	"10,000.00"	 	"68,319.22"
04-Apr-19	04-Apr-19	TO CLEARING-UNI   BADAL RAJ ENTERPRISES--184363	 / 184363	4328	"31,404.00"	 	"36,915.22"
04-Apr-19	04-Apr-19	CHEQUE WDL-WITHDRAWAL TRANSFER BY CHEQUE--184367	TRANSFER FROM 35287717816 / 184367	6014	"25,000.00"	 	"11,915.22"
04-Apr-19	04-Apr-19	   TO TRANSFER-INB Commission of IMPS00007154374---	IMPS00007154374CXAABNHVL1               TRANSFER TO 3199670162095 / 	99922	2.36	 	"11,912.86"
04-Apr-19	04-Apr-19	   TO TRANSFER-INB Commission of IMPS00007154362---	IMPS00007154362CXAABNJOR5               TRANSFER TO 3199670162095 / 	99922	2.36	 	"11,910.50"
04-Apr-19	04-Apr-19	   BY TRANSFER-UPI/CR/909415472167/BIPIN KU/PUNB/9507786678/Payme--	TRANSFER FROM 4899355162094 / 	3532	 	"6,000.00"	"17,910.50"
04-Apr-19	04-Apr-19	   CASH DEPOSIT-CASH DEPOSIT SELF--	 / 	3532	 	"89,000.00"	"1,06,910.50"
04-Apr-19	04-Apr-19	CASH HANDLING CHARGES---38976288	 / 38976288	3532	78.77	 	"1,06,831.73"
04-Apr-19	04-Apr-19	CHEQUE WDL-WITHDRAWAL TRANSFER BY CHEQUE--184369	TRANSFER FROM 36448963295 / 184369	6014	"50,000.00"	 	"56,831.73"
05-Apr-19	05-Apr-19	   BULK POSTING-CR_SANGAM MOBILE                      BR005535  04--	 / 	16899	 	"11,163.80"	"67,995.53"
05-Apr-19	05-Apr-19	   TO TRANSFER-P19597177749Tr For  DDR BAJAJ-AUTO--	TRANSFER TO 31852206569                           INVESTMENT INTERMEDIAR / 	4266	"22,553.00"	 	"45,442.53"
05-Apr-19	05-Apr-19	   TO TRANSFER-INB IMPS/P2P/909515729088/80958866049037--	IMPS00007186315MOABIIGYH3               TRANSFER TO 4597875162094 / 	99922	"10,000.00"	 	"35,442.53"
05-Apr-19	05-Apr-19	   TO TRANSFER-INB IMPS/P2P/909515729372/80958866049037--	IMPS00007186326MOABIIHCT0               TRANSFER TO 4597871162098 / 	99922	"10,000.00"	 	"25,442.53"
05-Apr-19	05-Apr-19	   TO TRANSFER-INB IMPS/P2P/909515729622/80958866049037--	IMPS00007186345MOABIIHKQ6               TRANSFER TO 4597872162097 / 	99922	"10,000.00"	 	"15,442.53"
05-Apr-19	05-Apr-19	   TO TRANSFER-INB IMPS/P2P/909515729893/80958866049037--	IMPS00007186359MOABIIHHS2               TRANSFER TO 4597872162097 / 	99922	"10,000.00"	 	"5,442.53"
05-Apr-19	05-Apr-19	   CASH DEPOSIT-CASH DEPOSIT SELF--	 / 	3532	 	"50,000.00"	"55,442.53"
05-Apr-19	05-Apr-19	CASH HANDLING CHARGES---38976288	 / 38976288	3532	59	 	"55,383.53"
05-Apr-19	05-Apr-19	CHEQUE WDL-WITHDRAWAL TRANSFER BY CHEQUE--184371	TRANSFER FROM 36448963295 / 184371	6014	"35,000.00"	 	"20,383.53"
05-Apr-19	05-Apr-19	   TO TRANSFER-INB IMPS/P2P/909518803378/80958866049037--	IMPS00007190796MOABIIWHT1               TRANSFER TO 4597875162094 / 	99922	"10,000.00"	 	"10,383.53"
05-Apr-19	05-Apr-19	   TO TRANSFER-INB IMPS/P2P/909518803718/85537520959240--	IMPS00007190824MOABIIWNI2               TRANSFER TO 4597872162097 / 	99922	"10,000.00"	 	383.53
06-Apr-19	06-Apr-19	   BULK POSTING-CR_SANGAM MOBILE                      BR005535  05--	 / 	16899	 	"7,915.04"	"8,298.57"
06-Apr-19	06-Apr-19	   TO TRANSFER-INB Commission of IMPS00007186326---	IMPS00007186326CXAABNNHX3               TRANSFER TO 3199670162095 / 	99922	2.36	 	"8,296.21"
06-Apr-19	06-Apr-19	   TO TRANSFER-INB Commission of IMPS00007190796---	IMPS00007190796CXAABNNHY5               TRANSFER TO 3199670162095 / 	99922	2.36	 	"8,293.85"
06-Apr-19	06-Apr-19	   TO TRANSFER-INB Commission of IMPS00007190824---	IMPS00007190824CXAABNNDJ1               TRANSFER TO 3199670162095 / 	99922	2.36	 	"8,291.49"
06-Apr-19	06-Apr-19	   TO TRANSFER-INB Commission of IMPS00007186315---	IMPS00007186315CXAABNOEW2               TRANSFER TO 3199670162095 / 	99922	2.36	 	"8,289.13"
06-Apr-19	06-Apr-19	   TO TRANSFER-INB Commission of IMPS00007186359---	IMPS00007186359CXAABNPAN8               TRANSFER TO 3199670162095 / 	99922	2.36	 	"8,286.77"
06-Apr-19	06-Apr-19	   BY TRANSFER-UPI/CR/909636204158/Ashok Ch/CNRB/8053271195/NA--	TRANSFER FROM 4898993162094 / 	3532	 	"9,500.00"	"17,786.77"
06-Apr-19	06-Apr-19	   TO TRANSFER-INB Commission of IMPS00007186345---	IMPS00007186345CXAABNPLV6               TRANSFER TO 3199670162095 / 	99922	2.36	 	"17,784.41"
06-Apr-19	06-Apr-19	   CASH DEPOSIT-CASH DEPOSIT SELF--	 / 	3532	 	"30,000.00"	"47,784.41"
06-Apr-19	06-Apr-19	CASH HANDLING CHARGES---38976288	 / 38976288	3532	59	 	"47,725.41"
06-Apr-19	06-Apr-19	   TO TRANSFER-INB IMPS/P2P/909618698686/80958866049037--	IMPS00007208554MOABIMAOV3               TRANSFER TO 4597880162096 / 	99922	"10,000.00"	 	"37,725.41"
06-Apr-19	06-Apr-19	   TO TRANSFER-INB IMPS/P2P/909619699437/80958866049037--	IMPS00007208578MOABIMASA6               TRANSFER TO 4597877162092 / 	99922	"10,000.00"	 	"27,725.41"
06-Apr-19	06-Apr-19	   TO TRANSFER-INB IMPS/P2P/909619700383/80958866049037--	IMPS00007208608MOABIMAVB9               TRANSFER TO 4597877162092 / 	99922	"10,000.00"	 	"17,725.41"
06-Apr-19	06-Apr-19	   TO TRANSFER-INB IMPS/P2P/909619701364/80958866049037--	IMPS00007208633MOABIMAYH0               TRANSFER TO 4597879162090 / 	99922	"10,000.00"	 	"7,725.41"
07-Apr-19	07-Apr-19	   BULK POSTING-CR_SANGAM MOBILE                      BR005535  06--	 / 	16899	 	"2,628.45"	"10,353.86"
07-Apr-19	07-Apr-19	   TO TRANSFER-INB IMPS/P2P/909718955917/85537520959240--	IMPS00007216439MOABIOBMU9               TRANSFER TO 4597883162094 / 	99922	"10,000.00"	 	353.86
08-Apr-19	08-Apr-19	   BULK POSTING-CR_SANGAM MOBILE                      BR005535  07--	 / 	16899	 	"78,206.40"	"78,560.26"
08-Apr-19	08-Apr-19	   TO TRANSFER-INB Commission of IMPS00007216439---	IMPS00007216439CXAABNSLB2               TRANSFER TO 3199670162095 / 	99922	2.36	 	"78,557.90"
08-Apr-19	08-Apr-19	   TO TRANSFER-INB IMPS/P2P/909814724720/85537520959240--	IMPS00007226870MOABIQFPI2               TRANSFER TO 4597851162091 / 	99922	"10,000.00"	 	"68,557.90"
08-Apr-19	08-Apr-19	   TO TRANSFER-INB IMPS/P2P/909814725119/85537520959240--	IMPS00007226894MOABIQFXZ9               TRANSFER TO 4597855162097 / 	99922	"10,000.00"	 	"58,557.90"
08-Apr-19	08-Apr-19	   TO TRANSFER-INB IMPS/P2P/909814725643/85537520959240--	IMPS00007226923MOABIQFWD7               TRANSFER TO 4597853162099 / 	99922	"10,000.00"	 	"48,557.90"
08-Apr-19	08-Apr-19	   TO TRANSFER-INB IMPS/P2P/909814726010/85537520959240--	IMPS00007226942MOABIQFWP9               TRANSFER TO 4597853162099 / 	99922	"10,000.00"	 	"38,557.90"
08-Apr-19	08-Apr-19	   TO TRANSFER-INB IMPS/P2P/909814726472/80958866049037--	IMPS00007226971MOABIQGBM1               TRANSFER TO 4597855162097 / 	99922	"9,617.00"	 	"28,940.90"
08-Apr-19	08-Apr-19	   CASH DEPOSIT-CASH DEPOSIT SELF--	 / 	3532	 	"49,500.00"	"78,440.90"
08-Apr-19	08-Apr-19	CASH HANDLING CHARGES---38976288	 / 38976288	3532	59	 	"78,381.90"
08-Apr-19	08-Apr-19	CHEQUE WDL-WITHDRAWAL TRANSFER BY CHEQUE--184370	TRANSFER FROM 36448963295 / 184370	6014	"30,000.00"	 	"48,381.90"
08-Apr-19	08-Apr-19	CHEQUE WDL-WITHDRAWAL TRANSFER BY CHEQUE--184372	TRANSFER FROM 35287717816 / 184372	6014	"40,000.00"	 	"8,381.90"
09-Apr-19	09-Apr-19	   BULK POSTING-CR_SANGAM MOBILE                      BR005535  08--	 / 	16899	 	"2,354.00"	"10,735.90"
09-Apr-19	09-Apr-19	   TO TRANSFER-INB Commission of IMPS00007208554---	IMPS00007208554CXAABNSVE3               TRANSFER TO 3199670162095 / 	99922	2.36	 	"10,733.54"
09-Apr-19	09-Apr-19	   TO TRANSFER-INB Commission of IMPS00007226923---	IMPS00007226923CXAABNTUZ0               TRANSFER TO 3199670162095 / 	99922	2.36	 	"10,731.18"
09-Apr-19	09-Apr-19	   TO TRANSFER-INB Commission of IMPS00007226971---	IMPS00007226971CXAABNTPI4               TRANSFER TO 3199670162095 / 	99922	2.36	 	"10,728.82"
09-Apr-19	09-Apr-19	   TO TRANSFER-INB Commission of IMPS00007226942---	IMPS00007226942CXAABNTTJ8               TRANSFER TO 3199670162095 / 	99922	2.36	 	"10,726.46"
09-Apr-19	09-Apr-19	   TO TRANSFER-INB Commission of IMPS00007226894---	IMPS00007226894CXAABNUSF6               TRANSFER TO 3199670162095 / 	99922	2.36	 	"10,724.10"
09-Apr-19	09-Apr-19	   TO TRANSFER-INB Commission of IMPS00007208578---	IMPS00007208578CXAABNUZX9               TRANSFER TO 3199670162095 / 	99922	2.36	 	"10,721.74"
09-Apr-19	09-Apr-19	   TO TRANSFER-INB Commission of IMPS00007208633---	IMPS00007208633CXAABNUZY0               TRANSFER TO 3199670162095 / 	99922	2.36	 	"10,719.38"
09-Apr-19	09-Apr-19	   TO TRANSFER-INB Commission of IMPS00007208608---	IMPS00007208608CXAABNVBM3               TRANSFER TO 3199670162095 / 	99922	2.36	 	"10,717.02"
09-Apr-19	09-Apr-19	   TO TRANSFER-INB Commission of IMPS00007226870---	IMPS00007226870CXAABNUXW8               TRANSFER TO 3199670162095 / 	99922	2.36	 	"10,714.66"
09-Apr-19	09-Apr-19	   CASH DEPOSIT-CASH DEPOSIT SELF--	 / 	3532	 	"30,000.00"	"40,714.66"
09-Apr-19	09-Apr-19	CASH HANDLING CHARGES---38976288	 / 38976288	3532	59	 	"40,655.66"
09-Apr-19	09-Apr-19	CHEQUE WDL-WITHDRAWAL TRANSFER BY CHEQUE--184373	TRANSFER FROM 36448963295 / 184373	6014	"40,000.00"	 	655.66
09-Apr-19	09-Apr-19	   DEBIT-GPRS RENT MAR -19 TID-BR005535--	 / 	16899	472	 	183.66
09-Apr-19	09-Apr-19	   BY TRANSFER-UPI/CR/909976640513/BIPIN KU/PUNB/9507786678/Payme--	TRANSFER FROM 4897705162093 / 	3532	 	"3,500.00"	"3,683.66"
10-Apr-19	10-Apr-19	   BY TRANSFER-UPI/CR/910034545355/MD AYUB /SBIN/9708176509/Payme--	TRANSFER FROM 4898965162098 / 	3532	 	"8,650.00"	"12,333.66"
11-Apr-19	11-Apr-19	   BULK POSTING-CR_SANGAM MOBILE                      BR005535  10--	 / 	16899	 	"1,600.00"	"13,933.66"
11-Apr-19	11-Apr-19	   TO TRANSFER-INB IMPS/P2P/910114885120/85537520959240--	IMPS00007283317MOABIZNSS2               TRANSFER TO 4597866162095 / 	99922	"10,000.00"	 	"3,933.66"
11-Apr-19	11-Apr-19	   CASH DEPOSIT-CASH DEPOSIT SELF--	 / 	3532	 	"60,000.00"	"63,933.66"
11-Apr-19	11-Apr-19	CASH HANDLING CHARGES---38976288	 / 38976288	3532	59	 	"63,874.66"
11-Apr-19	11-Apr-19	CHEQUE WDL-WITHDRAWAL TRANSFER BY CHEQUE--184374	TRANSFER FROM 36448963295 / 184374	6014	"40,000.00"	 	"23,874.66"
12-Apr-19	12-Apr-19	   BULK POSTING-CR_SANGAM MOBILE                      BR005535  11--	 / 	16899	 	408	"24,282.66"
12-Apr-19	12-Apr-19	   TO TRANSFER-INB Commission of IMPS00007283317---	IMPS00007283317CXAABOCDQ4               TRANSFER TO 3199670162095 / 	99922	2.36	 	"24,280.30"
12-Apr-19	12-Apr-19	   CASH DEPOSIT-CASH DEPOSIT SELF--	 / 	6014	 	"6,000.00"	"30,280.30"
12-Apr-19	12-Apr-19	INTER CITY CHARGES---38976288	 / 38976288	6014	59	 	"30,221.30"
12-Apr-19	12-Apr-19	CHEQUE WDL-WITHDRAWAL TRANSFER BY CHEQUE--184375	TRANSFER FROM 36448963295 / 184375	6014	"30,000.00"	 	221.3
15-Apr-19	15-Apr-19	   CASH DEPOSIT-CASH DEPOSIT SELF--	 / 	3532	 	"70,000.00"	"70,221.30"
15-Apr-19	15-Apr-19	CASH HANDLING CHARGES---38976288	 / 38976288	3532	61.95	 	"70,159.35"
15-Apr-19	15-Apr-19	CHEQUE WDL-WITHDRAWAL TRANSFER BY CHEQUE--184376	TRANSFER FROM 36448963295 / 184376	6014	"50,000.00"	 	"20,159.35"
15-Apr-19	15-Apr-19	   TO TRANSFER-INB IMPS/P2P/910519677443/85537520959240--	IMPS00007353674MOABJJPOL3               TRANSFER TO 4597852162090 / 	99922	"10,000.00"	 	"10,159.35"
15-Apr-19	15-Apr-19	   TO TRANSFER-INB IMPS/P2P/910519677623/85537520959240--	IMPS00007353689MOABJJPOT8               TRANSFER TO 4597852162090 / 	99922	"10,000.00"	 	159.35
16-Apr-19	16-Apr-19	   TO TRANSFER-INB Commission of IMPS00007353689---	IMPS00007353689CXAABOJZK7               TRANSFER TO 3199670162095 / 	99922	2.36	 	156.99
16-Apr-19	16-Apr-19	   BY TRANSFER-UPI/CR/910613542615/MIFTAUR /SBIN/guddu.1300/Ikram--	TRANSFER FROM 4898953162091 / 	3532	 	"20,000.00"	"20,156.99"
16-Apr-19	16-Apr-19	   TO TRANSFER-INB Commission of IMPS00007353674---	IMPS00007353674CXAABOJZK6               TRANSFER TO 3199670162095 / 	99922	2.36	 	"20,154.63"
16-Apr-19	16-Apr-19	   BY TRANSFER-UPI/CR/910628936662/BAGISH  /SBIN/8081164998/Payme--	TRANSFER FROM 4898949162097 / 	3532	 	"11,000.00"	"31,154.63"
16-Apr-19	16-Apr-19	   CASH DEPOSIT-CASH DEPOSIT SELF--	 / 	3532	 	"20,000.00"	"51,154.63"
16-Apr-19	16-Apr-19	CHEQUE WDL-WITHDRAWAL TRANSFER BY CHEQUE--184377	TRANSFER FROM 36448963295 / 184377	6014	"50,000.00"	 	"1,154.63"
17-Apr-19	17-Apr-19	   BY TRANSFER-UPI/CR/910780452385/BIPIN KU/PUNB/9507786678/Payme--	TRANSFER FROM 4898957162097 / 	3532	 	"6,000.00"	"7,154.63"
18-Apr-19	18-Apr-19	   BULK POSTING-CR_SANGAM MOBILE                      BR005535  17--	 / 	16899	 	150	"7,304.63"
18-Apr-19	18-Apr-19	   BY TRANSFER-UPI/CR/910860463898/BIPIN KU/PUNB/9507786678/Payme--	TRANSFER FROM 4899360162097 / 	3532	 	"2,000.00"	"9,304.63"
18-Apr-19	18-Apr-19	   CASH DEPOSIT-CASH DEPOSIT SELF--	 / 	3532	 	"51,500.00"	"60,804.63"
18-Apr-19	18-Apr-19	CASH HANDLING CHARGES---38976288	 / 38976288	3532	59	 	"60,745.63"
18-Apr-19	18-Apr-19	CHEQUE WDL-WITHDRAWAL TRANSFER BY CHEQUE--184378	TRANSFER FROM 35287717816 / 184378	6014	"60,000.00"	 	745.63
19-Apr-19	19-Apr-19	   BY TRANSFER-UPI/CR/910915372543/MOHAMMAD/SBIN/sanasamee5/Visa--	TRANSFER FROM 4899361162097 / 	3532	 	"10,000.00"	"10,745.63"
19-Apr-19	19-Apr-19	   TO TRANSFER-INB IMPS/P2P/910918789593/85537520959240--	IMPS00007417768MOABJSHWK8               TRANSFER TO 4597874162095 / 	99922	"5,000.00"	 	"5,745.63"
19-Apr-19	19-Apr-19	   BY TRANSFER-UPI/CR/910960292102/BIPIN KU/PUNB/9507786678/Payme--	TRANSFER FROM 4899370162095 / 	3532	 	"3,000.00"	"8,745.63"
20-Apr-19	20-Apr-19	   TO TRANSFER-INB Commission of IMPS00007417768---	IMPS00007417768CXAABOTEV8               TRANSFER TO 3199670162095 / 	99922	2.36	 	"8,743.27"
20-Apr-19	20-Apr-19	   CASH DEPOSIT-CASH DEPOSIT SELF--	 / 	3532	 	"28,000.00"	"36,743.27"
20-Apr-19	20-Apr-19	CASH HANDLING CHARGES---38976288	 / 38976288	3532	59	 	"36,684.27"
20-Apr-19	20-Apr-19	CASH CHEQUE-MD ISLAM--184382	 / 184382	3532	"31,000.00"	 	"5,684.27"
22-Apr-19	22-Apr-19	   BY TRANSFER-UPI/CR/911214244064/MIFTAUR /SBIN/guddu.1300/Islam--	TRANSFER FROM 4898945162091 / 	3532	 	"14,000.00"	"19,684.27"
22-Apr-19	22-Apr-19	   TO TRANSFER-INB IMPS/P2P/911215523373/85537520959240--	IMPS00007456427MOABJYBLM1               TRANSFER TO 4597855162097 / 	99922	"10,000.00"	 	"9,684.27"
22-Apr-19	22-Apr-19	   TO TRANSFER-INB IMPS/P2P/911215523668/85537520959240--	IMPS00007456449MOABJYBLZ1               TRANSFER TO 4597853162099 / 	99922	"9,000.00"	 	684.27
22-Apr-19	22-Apr-19	   CASH DEPOSIT-CASH DEPOSIT SELF--	 / 	3532	 	"30,000.00"	"30,684.27"
22-Apr-19	22-Apr-19	CASH HANDLING CHARGES---38976288	 / 38976288	3532	59	 	"30,625.27"
22-Apr-19	22-Apr-19	CHEQUE WDL-WITHDRAWAL TRANSFER BY CHEQUE--184379	TRANSFER FROM 36448963295 / 184379	6014	"30,000.00"	 	625.27
23-Apr-19	23-Apr-19	   BULK POSTING-CR_SANGAM MOBILE                      BR005535  22--	 / 	16899	 	"16,325.59"	"16,950.86"
23-Apr-19	23-Apr-19	   BY TRANSFER-INB IMPS911312838619/8882621992/XX8391/G--	MAB000266878479          MAB000266878479          TRANSFER FROM 4897962162099 / 	99922	 	"15,000.00"	"31,950.86"
23-Apr-19	23-Apr-19	   TO TRANSFER-INB Commission of IMPS00007456427---	IMPS00007456427CXAABOYSS0               TRANSFER TO 3199670162095 / 	99922	2.36	 	"31,948.50"
23-Apr-19	23-Apr-19	CHEQUE WDL-WITHDRAWAL TRANSFER BY CHEQUE--184383	TRANSFER FROM 35287717816 / 184383	6014	"30,000.00"	 	"1,948.50"
23-Apr-19	23-Apr-19	   TO TRANSFER-INB Commission of IMPS00007456449---	IMPS00007456449CXAABOZPW1               TRANSFER TO 3199670162095 / 	99922	2.36	 	"1,946.14"
23-Apr-19	23-Apr-19	   BY TRANSFER-UPI/CR/911340202003/BIPIN KU/PUNB/9507786678/Payme--	TRANSFER FROM 4899331162092 / 	3532	 	425	"2,371.14"
24-Apr-19	24-Apr-19	   BULK POSTING-CR_SANGAM MOBILE                      BR005535  23--	 / 	16899	 	"1,590.00"	"3,961.14"
24-Apr-19	24-Apr-19	   BY TRANSFER-UPI/CR/911428990998/BIPIN KU/PUNB/9507786678/Payme--	TRANSFER FROM 4898962162091 / 	3532	 	"1,200.00"	"5,161.14"
24-Apr-19	24-Apr-19	   CASH DEPOSIT-CASH DEPOSIT SELF--	 / 	3532	 	"35,000.00"	"40,161.14"
24-Apr-19	24-Apr-19	CASH HANDLING CHARGES---38976288	 / 38976288	3532	59	 	"40,102.14"
24-Apr-19	24-Apr-19	CHEQUE WDL-WITHDRAWAL TRANSFER BY CHEQUE--184384	TRANSFER FROM 36448963295 / 184384	6014	"40,000.00"	 	102.14
25-Apr-19	25-Apr-19	   BY TRANSFER-UPI/CR/911556107655/SILTU KU/AIRP/siltukumar/Payme--	TRANSFER FROM 4899355162094 / 	3532	 	"14,000.00"	"14,102.14"
25-Apr-19	25-Apr-19	   BY TRANSFER-UPI/CR/911520745651/MD WAQAR/IBKL/9921791284/Hshsh--	TRANSFER FROM 4899360162097 / 	3532	 	"4,000.00"	"18,102.14"
26-Apr-19	26-Apr-19	   CASH DEPOSIT-CASH DEPOSIT SELF--	 / 	3532	 	"60,000.00"	"78,102.14"
26-Apr-19	26-Apr-19	CASH HANDLING CHARGES---38976288	 / 38976288	3532	59	 	"78,043.14"
26-Apr-19	26-Apr-19	CHEQUE WDL-WITHDRAWAL TRANSFER BY CHEQUE--184387	TRANSFER FROM 35287717816 / 184387	6014	"30,000.00"	 	"48,043.14"
26-Apr-19	26-Apr-19	CHEQUE WDL-WITHDRAWAL TRANSFER BY CHEQUE--184385	TRANSFER FROM 36448963295 / 184385	6014	"30,000.00"	 	"18,043.14"
27-Apr-19	27-Apr-19	   BY TRANSFER-UPI/CR/911709000512/MD ENAYA/SBIN/9934911283/UPI--	TRANSFER FROM 4899377162099 / 	3532	 	150	"18,193.14"
27-Apr-19	27-Apr-19	   BY TRANSFER-UPI/CR/911709031840/MD ENAYA/SBIN/9934911283/UPI--	TRANSFER FROM 4898994162093 / 	3532	 	"1,000.00"	"19,193.14"
27-Apr-19	27-Apr-19	   BY TRANSFER-UPI/CR/911734401449/BIPIN KU/PUNB/9507786678/Payme--	TRANSFER FROM 4899375162091 / 	3532	 	"2,000.00"	"21,193.14"
28-Apr-19	28-Apr-19	   BULK POSTING-CR_SANGAM MOBILE                      BR005535  27--	 / 	16899	 	"3,957.52"	"25,150.66"
29-Apr-19	29-Apr-19	   TO TRANSFER-INB IMPS/P2P/911911878325/85537520959240--	IMPS00007560963MOABKMOCL7               TRANSFER TO 4597853162099 / 	99922	"10,000.00"	 	"15,150.66"
29-Apr-19	29-Apr-19	   TO TRANSFER-INB IMPS/P2P/911911878823/85537520959240--	IMPS00007560996MOABKMOFP7               TRANSFER TO 4597852162090 / 	99922	"10,000.00"	 	"5,150.66"
29-Apr-19	29-Apr-19	   BY TRANSFER-UPI/CR/911918443125/MIFTAUR /SBIN/guddu.1300/Paich--	TRANSFER FROM 4899323162092 / 	3532	 	"5,000.00"	"10,150.66"
29-Apr-19	29-Apr-19	   TO TRANSFER-INB IMPS/P2P/911919555134/85537520959240--	IMPS00007573429MOABKNYKC5               TRANSFER TO 4597853162099 / 	99922	"10,000.00"	 	150.66
29-Apr-19	29-Apr-19	   BY TRANSFER-INB IMPS911919047102/9939515129/XX9235/IMPS Trans--	MAC000269757806          MAC000269757806          TRANSFER FROM 4597931162092 / 	99922	 	"5,000.00"	"5,150.66"
29-Apr-19	29-Apr-19	   BY TRANSFER-INB IMPS911919047133/9939515129/XX9235/IMPS Trans--	MAA000281963055          MAA000281963055          TRANSFER FROM 4597931162092 / 	99922	 	"5,000.00"	"10,150.66"
29-Apr-19	29-Apr-19	   BY TRANSFER-INB IMPS911919047165/9939515129/XX9235/IMPS Trans--	MAB000269825814          MAB000269825814          TRANSFER FROM 4597933162090 / 	99922	 	"5,000.00"	"15,150.66"
29-Apr-19	29-Apr-19	   BY TRANSFER-INB IMPS911919046941/9939515129/XX9235/IMPS Trans--	MAC000269758045          MAC000269758045          TRANSFER FROM 4897954162098 / 	99922	 	"5,000.00"	"20,150.66"
29-Apr-19	29-Apr-19	   TO TRANSFER-INB IMPS/P2P/911919571620/85537520959240--	IMPS00007574496MOABKOBRB8               TRANSFER TO 4597852162090 / 	99922	"10,000.00"	 	"10,150.66"
29-Apr-19	29-Apr-19	   TO TRANSFER-INB IMPS/P2P/911919571814/85537520959240--	IMPS00007574509MOABKOBVI5               TRANSFER TO 4597855162097 / 	99922	"6,000.00"	 	"4,150.66"
30-Apr-19	30-Apr-19	   BULK POSTING-CR_SANGAM MOBILE                      BR005535  29--	 / 	16899	 	"4,149.79"	"8,300.45"
30-Apr-19	30-Apr-19	   TO TRANSFER-INB Commission of IMPS00007574496---	IMPS00007574496CXAABPNUD6               TRANSFER TO 3199670162095 / 	99922	2.36	 	"8,298.09"
30-Apr-19	30-Apr-19	   TO TRANSFER-INB Commission of IMPS00007573429---	IMPS00007573429CXAABPPMY6               TRANSFER TO 3199670162095 / 	99922	2.36	 	"8,295.73"
30-Apr-19	30-Apr-19	   TO TRANSFER-INB Commission of IMPS00007560996---	IMPS00007560996CXAABPPUS1               TRANSFER TO 3199670162095 / 	99922	2.36	 	"8,293.37"
30-Apr-19	30-Apr-19	   TO TRANSFER-INB Commission of IMPS00007560963---	IMPS00007560963CXAABPPFH1               TRANSFER TO 3199670162095 / 	99922	2.36	 	"8,291.01"
30-Apr-19	30-Apr-19	   TO TRANSFER-INB Commission of IMPS00007574509---	IMPS00007574509CXAABPPPF7               TRANSFER TO 3199670162095 / 	99922	2.36	 	"8,288.65"
							
**This is a computer generated statement and does not require a signature							
