Account Name       :                	SANGAM MOBILE
Address            :	BENIPUR  BENIPUR  BENIPUR,BAHERA  Darbhanga
                                    	DARBHANGA
                                    	BIHAR-847103
                                    	India
Date               :                	6 May 2019
Account Number     :	_00000037197306621
Account Description:	CA-GEN-PUB OTH-NONRURAL-INR
Branch             :	BENIPUR
Drawing Power      :	0.00
Interest Rate(% p.a.):	16.7
MOD Balance      :	0.00
CIF No.          :	_89982304283
IFS Code         :	SBIN0003532
MICR Code        :	_846002503
Balance on 29 Apr 2019        :	25,150.66
Start Date          :	29 Apr 2019
End Date            :	6 May 2019
Txn Date	Value Date	Description	Ref No./Cheque No.	Branch Code	        Debit	Credit	Balance	
29 Apr 2019	29 Apr 2019	   TO TRANSFER-INB IMPS/P2P/911911878325/85537520959240--	IMPS00007560963MOABKMOCL7               TRANSFER TO 4597853162099 / 	99922	10,000.00	 	15,150.66
29 Apr 2019	29 Apr 2019	   TO TRANSFER-INB IMPS/P2P/911911878823/85537520959240--	IMPS00007560996MOABKMOFP7               TRANSFER TO 4597852162090 / 	99922	10,000.00	 	5,150.66
29 Apr 2019	29 Apr 2019	   BY TRANSFER-UPI/CR/911918443125/MIFTAUR /SBIN/guddu.1300/Paich--	TRANSFER FROM 4899323162092 / 	3532	 	5,000.00	10,150.66
29 Apr 2019	29 Apr 2019	   TO TRANSFER-INB IMPS/P2P/911919555134/85537520959240--	IMPS00007573429MOABKNYKC5               TRANSFER TO 4597853162099 / 	99922	10,000.00	 	150.66
29 Apr 2019	29 Apr 2019	   BY TRANSFER-INB IMPS911919047102/9939515129/XX9235/IMPS Trans--	MAC000269757806          MAC000269757806          TRANSFER FROM 4597931162092 / 	99922	 	5,000.00	5,150.66
29 Apr 2019	29 Apr 2019	   BY TRANSFER-INB IMPS911919047133/9939515129/XX9235/IMPS Trans--	MAA000281963055          MAA000281963055          TRANSFER FROM 4597931162092 / 	99922	 	5,000.00	10,150.66
29 Apr 2019	29 Apr 2019	   BY TRANSFER-INB IMPS911919047165/9939515129/XX9235/IMPS Trans--	MAB000269825814          MAB000269825814          TRANSFER FROM 4597933162090 / 	99922	 	5,000.00	15,150.66
29 Apr 2019	29 Apr 2019	   BY TRANSFER-INB IMPS911919046941/9939515129/XX9235/IMPS Trans--	MAC000269758045          MAC000269758045          TRANSFER FROM 4897954162098 / 	99922	 	5,000.00	20,150.66
29 Apr 2019	29 Apr 2019	   TO TRANSFER-INB IMPS/P2P/911919571620/85537520959240--	IMPS00007574496MOABKOBRB8               TRANSFER TO 4597852162090 / 	99922	10,000.00	 	10,150.66
29 Apr 2019	29 Apr 2019	   TO TRANSFER-INB IMPS/P2P/911919571814/85537520959240--	IMPS00007574509MOABKOBVI5               TRANSFER TO 4597855162097 / 	99922	6,000.00	 	4,150.66
30 Apr 2019	30 Apr 2019	   BULK POSTING-CR_SANGAM MOBILE                      BR005535  29--	 / 	16899	 	4,149.79	8,300.45
30 Apr 2019	30 Apr 2019	   TO TRANSFER-INB Commission of IMPS00007574496---	IMPS00007574496CXAABPNUD6               TRANSFER TO 3199670162095 / 	99922	2.36	 	8,298.09
30 Apr 2019	30 Apr 2019	   TO TRANSFER-INB Commission of IMPS00007573429---	IMPS00007573429CXAABPPMY6               TRANSFER TO 3199670162095 / 	99922	2.36	 	8,295.73
30 Apr 2019	30 Apr 2019	   TO TRANSFER-INB Commission of IMPS00007560996---	IMPS00007560996CXAABPPUS1               TRANSFER TO 3199670162095 / 	99922	2.36	 	8,293.37
30 Apr 2019	30 Apr 2019	   TO TRANSFER-INB Commission of IMPS00007560963---	IMPS00007560963CXAABPPFH1               TRANSFER TO 3199670162095 / 	99922	2.36	 	8,291.01
30 Apr 2019	30 Apr 2019	   TO TRANSFER-INB Commission of IMPS00007574509---	IMPS00007574509CXAABPPPF7               TRANSFER TO 3199670162095 / 	99922	2.36	 	8,288.65
2 May 2019	2 May 2019	   CASH DEPOSIT-CASH DEPOSIT SELF--	 / 	3532	 	90,000.00	98,288.65
2 May 2019	2 May 2019	CASH HANDLING CHARGES---38976288	 / 38976288	3532	79.65	 	98,209.00
2 May 2019	2 May 2019	CHEQUE WDL-WITHDRAWAL TRANSFER BY CHEQUE--184388	TRANSFER FROM 35287717816 / 184388	6014	50,000.00	 	48,209.00
2 May 2019	2 May 2019	CHEQUE WDL-WITHDRAWAL TRANSFER BY CHEQUE--184389	TRANSFER FROM 30361043553 / 184389	6014	20,000.00	 	28,209.00
2 May 2019	2 May 2019	   TO TRANSFER-P19609218520Tr For  DDR BAJAJ-AUTO--	TRANSFER TO 31852206569                           INVESTMENT INTERMEDIAR / 	4266	22,553.00	 	5,656.00
3 May 2019	3 May 2019	   CASH DEPOSIT-CASH DEPOSIT SELF--	 / 	3532	 	47,000.00	52,656.00
3 May 2019	3 May 2019	CASH HANDLING CHARGES---38976288	 / 38976288	3532	59.00	 	52,597.00
3 May 2019	3 May 2019	   TO TRANSFER-INB IMPS/P2P/912316763927/80958866049037--	IMPS00007646188MOABLBTKD8               TRANSFER TO 4597875162094 / 	99922	10,000.00	 	42,597.00
3 May 2019	3 May 2019	   TO TRANSFER-INB IMPS/P2P/912316764124/80958866049037--	IMPS00007646204MOABLBTLL5               TRANSFER TO 4597871162098 / 	99922	10,000.00	 	32,597.00
3 May 2019	3 May 2019	   TO TRANSFER-INB IMPS/P2P/912316764332/80958866049037--	IMPS00007646223MOABLBTPJ4               TRANSFER TO 4597871162098 / 	99922	10,000.00	 	22,597.00
3 May 2019	3 May 2019	   TO TRANSFER-INB IMPS/P2P/912316764716/80958866049037--	IMPS00007646242MOABLBTPV1               TRANSFER TO 4597871162098 / 	99922	10,000.00	 	12,597.00
3 May 2019	3 May 2019	   TO TRANSFER-INB IMPS/P2P/912316764993/80958866049037--	IMPS00007646267MOABLBTTU5               TRANSFER TO 4597872162097 / 	99922	10,000.00	 	2,597.00
4 May 2019	4 May 2019	   TO TRANSFER-INB Commission of IMPS00007646223---	IMPS00007646223CXAABPYHO8               TRANSFER TO 3199670162095 / 	99922	2.36	 	2,594.64
4 May 2019	4 May 2019	   TO TRANSFER-INB Commission of IMPS00007646188---	IMPS00007646188CXAABPYLM0               TRANSFER TO 3199670162095 / 	99922	2.36	 	2,592.28
4 May 2019	4 May 2019	   TO TRANSFER-INB Commission of IMPS00007646267---	IMPS00007646267CXAABPYHP0               TRANSFER TO 3199670162095 / 	99922	2.36	 	2,589.92
4 May 2019	4 May 2019	   TO TRANSFER-INB Commission of IMPS00007646242---	IMPS00007646242CXAABPYVG1               TRANSFER TO 3199670162095 / 	99922	2.36	 	2,587.56
4 May 2019	4 May 2019	   TO TRANSFER-INB Commission of IMPS00007646204---	IMPS00007646204CXAABQACR0               TRANSFER TO 3199670162095 / 	99922	2.36	 	2,585.20
4 May 2019	4 May 2019	   CASH DEPOSIT-CASH DEPOSIT SELF--	 / 	3532	 	60,000.00	62,585.20
4 May 2019	4 May 2019	CASH HANDLING CHARGES---38976288	 / 38976288	3532	59.00	 	62,526.20
4 May 2019	4 May 2019	   TO TRANSFER-INB IMPS/P2P/912416677512/85537520959240--	IMPS00007665250MOABLFCMD5               TRANSFER TO 4597876162093 / 	99922	60,000.00	 	2,526.20
5 May 2019	5 May 2019	   TO TRANSFER-INB IMPS/P2P/912509871584/85537520959240--	IMPS00007672959MOABLGRHL9               TRANSFER TO 4597882162095 / 	99922	1,000.00	 	1,526.20
5 May 2019	5 May 2019	   BULK POSTING-CR_SANGAM MOBILE                      BR005535  04--	 / 	16899	 	1,100.00	2,626.20
5 May 2019	5 May 2019	   TO TRANSFER-INB Commission of IMPS00007665250---	IMPS00007665250CXAABQCJN8               TRANSFER TO 3199670162095 / 	99922	5.90	 	2,620.30
6 May 2019	6 May 2019	   BY TRANSFER-UPI/CR/912656498778/BIPIN KU/PUNB/9507786678/Payme--	TRANSFER FROM 4899326162099 / 	3532	 	1,000.00	3,620.30

**This is a computer generated statement and does not require a signature